@book{boylestad,
    author = {Robert L. Boylestad and Louis Nashelsky},
    title = {Eletrônica: Teoria e Aplicações},
    publisher = {Pearson Prentice Hall},
    address = {São Paulo},
    year = 2009
},

@book{malvino,
    author = {Albert P. Malvino and David J. Bates},
    title = {Eletrônica: Volume 1},
    publisher = {Makron Books},
    address = {São Paulo},
    year = 2007
}